
@misc{earthquake,
  author       = {British Geological Survey},
  title        = {Earthquakes},
  url  = {https://www.bgs.ac.uk/discovering-geology/earth-hazards/earthquakes/#:~:text=An%20earthquake%20is%20the%20sudden,existing%20or%20new%20fault%20plane.},
  note         = {Accessed: 5/1/2022}
}

@misc{fault,
  author       = {British Geological Survey},
  title        = {fault},
  url  = {https://www.britannica.com/science/fault-geology},
  note         = {Accessed: 5/1/2022}
}
@misc{SciEarth,
  author       = {Lisa Wald(U.S. Geological Survey)},
  title        = {The Science of Earthquakes},
  url  = {https://www.usgs.gov/programs/earthquake-hazards/science-earthquakes},
  note         = {Accessed: 5/16/2022}
}
@misc{SiesWav,
  author       = {Michigan Technological University },
  title        = {Seismology},
  url  = {https://www.mtu.edu/geo/community/seismology/learn/seismology-study/#:~:text=What%20are%20Seismic%20Waves%3F,can%20also%20cause%20seismic%20waves.},
  note         = {Accessed: 5/16/2022}
}
@misc{SiesMo,
  author       = {United States Geological Survey},
  title        = {Earthquake Glossary},
  url  = {https://earthquake.usgs.gov/learn/glossary/?term=seismograph},
  note         = {Accessed: 5/16/2022}
}
@misc{ringOfFire,
  author       = {Asian Disaster Reduction Center},
  title        = {Information on Disaster Risk Reduction of the Member Countries},
  url  = {https://www.adrc.asia/nationinformation.php?NationCode=608&Lang=en},
  note         = {Accessed: 5/16/2022}
}