@Misc{Chris19,
    Author = "Lo, Chris",
    Title = {The dengue vaccine dillema},
    note = {https://www.pharmaceutical-technology.com/features/dangvaxia-philippines/},
    year = {2019}
}

@Misc{Wes21,
    Author = "Westerman, Ashley",
    Title = {Filipinos hesitant about getting COVID jab after dengue fever vaccine debacle},
    note = {https://www.pri.org/stories/2021-05-19/filipinos-hesitant-about-getting-covid-jab-after-dengue-fever-vaccine-debacle},
    year = 2021
}

@Misc{JenSa21,
    Author = "Ravalo, Jenny Lei and Jerving, Sara",
    Title={COVID-19 — a timeline of the coronavirus outbreak},
    note={https://www.devex.com/news/covid-19-a-timeline-of-the-coronavirus-outbreak-96396},
    year=2021
}

@Misc{Sol20,
    Author = "Solis-Moriera, Jocelyn",
    Title={How did we develop a COVID-19 vaccine so quickly?},
    note={https://www.medicalnewstoday.com/articles/how-did-we-develop-a-covid-19-vaccine-so-quickly},
    year=2020
}

@Misc{HRW19,
    Author = "Human Rights Watch",
    Title={Philippines: Reject Sweeping ‘Fake News’ Bill},
    note={https://www.hrw.org/news/2019/07/25/philippines-reject-sweeping-fake-news-bill},
    year=2019
}
